@article{Azouri:2023,
    url = {http://arxiv.org/abs/2303.06695},
    archivePrefix = {arXiv},
    author = {{Azouri}, D. and {Granit}, O. and {Alburquerque}, M. and {Mansour}, Y. and {Pupko}, T. and {Mayrose}, I.},
    eprint = {2303.06695},
    journal = {ArXiv e-prints},
    month = mar,
    title = {{The tree reconstruction game: phylogenetic reconstruction using reinforcement learning}},
    year = 2023,
    doi = {10.48550/arXiv.2303.06695}
}

@article{Bagley:2025,
    url = {http://arxiv.org/abs/2305.03340},
    archivePrefix = {arXiv},
    author = {{Bagley}, B. A. and {Khoshnan}, N. and {Petritsch}, C. K.},
    eprint = {2305.03340},
    journal = {ArXiv e-prints},
    month = jan,
    title = {{Reinforcement Learning for Control of Evolutionary and Ecological Processes}},
    year = 2025,
    doi = {10.48550/arXiv.2305.03340}
}

@article{Brockman:2016,
    url = {http://arxiv.org/abs/1606.01540},
    archivePrefix = {arXiv},
    author = {{Brockman}, G. and {Cheung}, V. and {Pettersson}, L. and {Schneider}, J. and {Schulman}, J. and {Tang}, J. and {Zaremba}, W.},
    eprint = {1606.01540},
    journal = {ArXiv e-prints},
    month = jun,
    title = {{OpenAI Gym}},
    year = 2016,
    doi = {10.48550/arXiv.1606.01540}
}

@article{Engelhardt:2020,
    url = {http://arxiv.org/abs/1903.11373},
    archivePrefix = {arXiv},
    author = {{Engelhardt}, D.},
    eprint = {1903.11373},
    journal = {ArXiv e-prints},
    month = oct,
    title = {{Dynamic Control of Stochastic Evolution: A Deep Reinforcement Learning Approach to Adaptively Targeting Emergent Drug Resistance}},
    year = 2020,
    doi = {10.48550/arXiv.1903.11373}
}

@book{Fisher:1930,
    url = {https://www.biodiversitylibrary.org/bibliography/27468},
    author = {{Fisher}, R. A.},
    publisher = {Clarendon Press},
    title = {{The genetical theory of natural selection}},
    year = 1930,
    address = {Oxford},
    doi = {10.5962/bhl.title.27468}
}

@article{Haller:2023,
    url = {https://www.journals.uchicago.edu/doi/10.1086/723601},
    author = {{Haller}, B. C. and {Messer}, P. W.},
    journal = {The American Naturalist},
    month = may,
    title = {{SLiM 4: Multispecies Eco-Evolutionary Modeling}},
    year = 2023,
    volume = 201,
    number = 5,
    pages = {E127--E139},
    doi = {10.1086/723601}
}

@article{Heinrich:2016,
    url = {http://arxiv.org/abs/1603.01121},
    archivePrefix = {arXiv},
    author = {{Heinrich}, J. and {Silver}, D.},
    eprint = {1603.01121},
    journal = {ArXiv e-prints},
    month = jun,
    title = {{Deep Reinforcement Learning from Self-Play in Imperfect-Information Games}},
    year = 2016,
    doi = {10.48550/arXiv.1603.01121}
}

@article{Raymond:2024,
    url = {http://arxiv.org/abs/2406.12022},
    archivePrefix = {arXiv},
    author = {{Raymond}, M. and {Descary}, M.-H. and {Beaulac}, C. and {Larribe}, F.},
    eprint = {2406.12022},
    journal = {ArXiv e-prints},
    month = jun,
    title = {{Constructing Ancestral Recombination Graphs through Reinforcement Learning}},
    year = 2024,
    doi = {10.48550/arXiv.2406.12022}
}

@article{Silver:2016,
    url = {https://www.nature.com/articles/nature16961},
    author = {{Silver}, D. and {Huang}, A. and {Maddison}, C. J. and {Guez}, A. and {Sifre}, L. and {Van Den Driessche}, G. and {Schrittwieser}, J. and {Antonoglou}, I. and {Panneershelvam}, V. and {Lanctot}, M. and {Dieleman}, S. and {Grewe}, D. and {Nham}, J. and {Kalchbrenner}, N. and {Sutskever}, I. and {Lillicrap}, T. and {Leach}, M. and {Kavukcuoglu}, K. and {Graepel}, T. and {Hassabis}, D.},
    journal = {Nature},
    month = jan,
    title = {{Mastering the game of Go with deep neural networks and tree search}},
    year = 2016,
    volume = 529,
    number = 7587,
    pages = {484--489},
    doi = {10.1038/nature16961}
}

@inproceedings{Todorov:2012,
    url = {http://ieeexplore.ieee.org/document/6386109/},
    author = {{Todorov}, E. and {Erez}, T. and {Tassa}, Y.},
    title = {{MuJoCo: A physics engine for model-based control}},
    booktitle = {2012 IEEE/RSJ International Conference on Intelligent Robots and Systems},
    year = 2012,
    pages = {5026--5033},
    address = {Vilamoura-Algarve, Portugal},
    publisher = {IEEE},
    doi = {10.1109/IROS.2012.6386109},
    isbn = {9781467317368}
}

@article{Towers:2024,
    url = {http://arxiv.org/abs/2407.17032},
    archivePrefix = {arXiv},
    author = {{Towers}, M. and {Kwiatkowski}, A. and {Terry}, J. and {Balis}, J. U. and {Cola}, G. D. and {Deleu}, T. and {Goulão}, M. and {Kallinteris}, A. and {Krimmel}, M. and {KG}, A. and {Perez-Vicente}, R. and {Pierré}, A. and {Schulhoff}, S. and {Tai}, J. J. and {Tan}, H. and {Younis}, O. G.},
    eprint = {2407.17032},
    journal = {ArXiv e-prints},
    month = nov,
    title = {{Gymnasium: A Standard Interface for Reinforcement Learning Environments}},
    year = 2024,
    doi = {10.48550/arXiv.2407.17032}
}

@article{Younis:2024,
    url = {http://arxiv.org/abs/2406.03932},
    archivePrefix = {arXiv},
    author = {{Younis}, O. G. and {Corinzia}, L. and {Athanasiadis}, I. N. and {Krause}, A. and {Buhmann}, J. M. and {Turchetta}, M.},
    eprint = {2406.03932},
    journal = {ArXiv e-prints},
    month = jun,
    title = {{Breeding Programs Optimization with Reinforcement Learning}},
    year = 2024,
    doi = {10.48550/arXiv.2406.03932}
}
