@inproceedings{LeRouzic:21,
author = {E. Le Rouzic and A Lindgren and S. Melin and D. Provencher and R. Subramanian and R. Joyce and F. Moore and D. Reeves and A. Rambaldi and P. Kaczmarek and K. Weeks and S. Neidlinger and G. Agrawal and S. Krishnamoha and B. Raszczyk and T. Uhlar and R. Casellas and O. Gonzalez de Dios and V. Lopez},
booktitle = {Optical Fiber Communication Conference (OFC) 2021},
journal = {Optical Fiber Communication Conference (OFC) 2021},
keywords = {Erbium-doped fiber amplifiers; Modes; Optical circuits; Optical components; Optical networks; Optical systems},
pages = {M1B.2},
publisher = {Optica Publishing Group},
title = {Operationalizing partially disaggregated optical networks: An open standards-driven multi-vendor demonstration},
year = {2021},
url = {https://opg.optica.org/abstract.cfm?URI=OFC-2021-M1B.2},
doi = {10.1364/OFC.2021.M1B.2},
abstract = {We present and demonstrate service provisioning in partially disaggregated multi-vendor network automation scenarios with online physical impairment validation. This work uses and extends standard interfaces (OpenConfig and ONF Transport API) to retrieve network information interacting with TIP GNPy tool.},
}
